<record xmlns="http://www.loc.gov/MARC21/slim" xmlns:xsi="http://www.w3.org/2001/XMLSchema-instance" xsi:schemaLocation="http://www.loc.gov/MARC21/slim http://www.loc.gov/standards/marcxml/schema/MARC21slim.xsd"><leader>02844nam a2200493   4500</leader><controlfield tag="001">001677124</controlfield><controlfield tag="003">NNU</controlfield><controlfield tag="006">m        d        </controlfield><controlfield tag="007">cr cn |||m|||a</controlfield><controlfield tag="008">150116s1969    ir acf  ob    001 0 ara</controlfield><datafield ind1=" " ind2=" " tag="040"><subfield code="a">NNU</subfield><subfield code="b">eng</subfield><subfield code="c">NNU</subfield></datafield><datafield ind1="0" ind2=" " tag="041"><subfield code="b">eng</subfield><subfield code="b">per</subfield></datafield><datafield ind1=" " ind2="4" tag="050"><subfield code="a">B753</subfield><subfield code="b">.S2 1969</subfield></datafield><datafield ind1="1" ind2=" " tag="100"><subfield code="a">Sabzav&#257;r&#299;, H&#257;d&#299; ibn Mahd&#299;,</subfield><subfield code="d">b. 1797 or 8.</subfield></datafield><datafield ind1="1" ind2="0" tag="245"><subfield code="a">Shar&#7717;-i Ghurar al-far&#257;&#700;id ma&#699;r&#363;f bih-Shar&#7717;-i Man&#7827;&#363;mah-&#700;i &#7716;ikmat, qismat-i um&#363;r-i &#699;&#257;mmah va jawhar-i &#699;ar&#363;z&#804;</subfield><subfield code="h">[electronic resource] /</subfield><subfield code="c">H&#257;d&#299; Sabzav&#257;r&#299; ; bi-ta&#7779;&#7717;&#299;&#7717; va muqaddimah va ta&#699;l&#299;q&#257;t-i Mahd&#299; Mu&#7717;aqqiq va T&#363;sh&#299; H&#299;k&#363; &#298;z&#363;ts&#363;.</subfield></datafield><datafield ind1="3" ind2=" " tag="246"><subfield code="a">Shar&#7717;-i Man&#7827;&#363;mah-&#700;i &#7717;ikmat</subfield></datafield><datafield ind1="3" ind2=" " tag="246"><subfield code="a">Shar&#7717; Ghurar al-far&#257;&#700;id</subfield></datafield><datafield ind1="3" ind2=" " tag="246"><subfield code="a">Ghurar al-far&#257;&#700;id</subfield></datafield><datafield ind1="3" ind2=" " tag="246"><subfield code="a">Shar&#7717; Man&#7827;&#363;mat &#7717;ikmat</subfield></datafield><datafield ind1=" " ind2=" " tag="260"><subfield code="a">Tihr&#257;n :</subfield><subfield code="b">D&#257;nishg&#257;h-i MakG&#299;ll, M&#363;ntri&#700;&#257;l, Mu&#700;assasah-&#700;i Mu&#7789;&#257;li&#699;&#257;t-i Isl&#257;m&#299;, Shu&#699;bah-&#700;i Tihr&#257;n,</subfield><subfield code="c">1969. --</subfield></datafield><datafield ind1=" " ind2=" " tag="300"><subfield code="a">online resource (46, 679, 152 p., [2] p. of plates) :</subfield><subfield code="b">1 ill., port.</subfield></datafield><datafield ind1="1" ind2=" " tag="490"><subfield code="a">Silsilah-&#700;i d&#257;nish-i &#298;r&#257;n&#299; ;</subfield><subfield code="v">1=</subfield><subfield code="a">Wisdom of Persia ;</subfield><subfield code="v">1</subfield></datafield><datafield ind1=" " ind2=" " tag="500"><subfield code="a">Title on added t.p.: Sharh-i Ghurar al-fara&#700;id; or, Sharh-i Manzumah; pt. 1: metaphysics/H.M.H. Sabzawari.</subfield></datafield><datafield ind1=" " ind2=" " tag="500"><subfield code="a">"Y&#257;db&#363;d-i yak&#7779;adum&#299;n s&#257;l-i darguz&#804;asht-i Sabzav&#257;r&#299;."</subfield></datafield><datafield ind1=" " ind2=" " tag="500"><subfield code="a">Text in Arabic; introductory matter in English and Persian.</subfield></datafield><datafield ind1=" " ind2=" " tag="500"><subfield code="a">Comprises maq&#7779;ad 1-2 of the author's Ghurar al-far&#257;&#700;id.</subfield></datafield><datafield ind1=" " ind2=" " tag="500"><subfield code="a">Part of the Arabic Collections Online (ACO) project, contributed by New York Univeristy Libraries.</subfield></datafield><datafield ind1=" " ind2=" " tag="504"><subfield code="a">Includes bibliogoraphical references and indexes.</subfield></datafield><datafield ind1="0" ind2=" " tag="505"><subfield code="a">Ghurar al-fara&#700;id -- Shar&#7717;-i Ghurar al-far&#257;&#700;id -- &#7716;av&#257;sh&#299; va-ta&#699;l&#299;q&#257;t-i Sabzav&#257;r&#299;, H&#299;daj&#299;, &#256;mul&#299; -- Farhang-i i&#7779;&#7789;il&#257;h&#257;t va ta&#699;b&#299;r&#257;t.</subfield></datafield><datafield ind1=" " ind2=" " tag="533"><subfield code="a">Electronic reproduction.</subfield><subfield code="b">New York, N.Y. :</subfield><subfield code="c">New York University,</subfield><subfield code="d">2015.</subfield><subfield code="5">NNU</subfield></datafield><datafield ind1=" " ind2="0" tag="650"><subfield code="a">Islamic philosophy.</subfield></datafield><datafield ind1="1" ind2="2" tag="700"><subfield code="a">Sabzav&#257;r&#299;, H&#257;d&#299; ibn Mahd&#299;,</subfield><subfield code="d">b. 1797 or 8.</subfield><subfield code="t">Ghurar al-far&#257;&#700;id.</subfield><subfield code="f">1969.</subfield></datafield><datafield ind1="1" ind2=" " tag="700"><subfield code="a">H&#299;daj&#299; Zanj&#257;ni, Mu&#7717;ammad ibn Ma&#699;&#7779;&#363;m-&#699;Al&#299;.</subfield></datafield><datafield ind1="1" ind2=" " tag="700"><subfield code="a">&#699;&#256;mul&#299; Tihran&#299;, Mu&#7717;ammad Taq&#299;.</subfield></datafield><datafield ind1="1" ind2=" " tag="700"><subfield code="a">Mu&#7717;aqqiq, Mahd&#299;.</subfield></datafield><datafield ind1="1" ind2=" " tag="700"><subfield code="a">Izutsu, Toshihiko,</subfield><subfield code="d">1914-</subfield></datafield><datafield ind1="2" ind2=" " tag="710"><subfield code="a">New York University.</subfield><subfield code="b">Libraries.</subfield></datafield><datafield ind1="0" ind2=" " tag="730"><subfield code="a">Arabic Collections Online.</subfield></datafield><datafield ind1="0" ind2=" " tag="740"><subfield code="a">Sharh-i Ghurar al-fara&#700;id, or Sharh-i Manzumah. part 1: metaphysics.</subfield></datafield><datafield ind1="0" ind2="8" tag="776"><subfield code="i">Print version:</subfield><subfield code="a">Sabzav&#257;r&#299;, H&#257;d&#299; ibn Mahd&#299;, b. 1797 or 8.</subfield><subfield code="t">Shar&#7717;-i Ghurar al-far&#257;&#700;id ma&#699;r&#363;f bih-Shar&#7717;-i Man&#7827;&#363;mah-&#700;i &#7716;ikmat, qismat-i um&#363;r-i &#699;&#257;mmah va jawhar-i &#699;ar&#363;z&#804;</subfield><subfield code="w">(NNU)001677124</subfield><subfield code="w">(DLC)71268618</subfield></datafield><datafield ind1=" " ind2="0" tag="830"><subfield code="a">Silsilah-&#700;i d&#257;nish-i &#298;r&#257;n&#299; ;</subfield><subfield code="v">1.</subfield></datafield><datafield ind1="4" ind2="0" tag="856"><subfield code="u">http://hdl.handle.net/2333.1/4xgxd4dz</subfield></datafield><datafield ind1=" " ind2=" " tag="959"><subfield code="a">NNU</subfield><subfield code="b">WEB</subfield><subfield code="c">GENI</subfield><subfield code="t">0</subfield><subfield code="m">Electronic access</subfield><subfield code="s">01</subfield></datafield><datafield ind1=" " ind2=" " tag="999"><subfield code="i">NNU_001677124</subfield><subfield code="o" /><subfield code="e">(ERROR-880)</subfield></datafield></record>